%%
%%
%%

@article{van2021mri,
  title={MRI-based 3D retinal shape determination},
  author={van Vught, Luc and Shamonin, Denis P and Luyten, Gregorius PM and Stoel, Berend C and Beenakker, Jan-Willem M},
  journal={BMJ Open Ophthalmology},
  volume={6},
  number={1},
  pages={e000855},
  year={2021},
  publisher={BMJ Specialist Journals}
}

@article{bradbury2021jax,
  title={Jax: Autograd and xla},
  author={Bradbury, James and Frostig, Roy and Hawkins, Peter and Johnson, Matthew James and Leary, Chris and Maclaurin, Dougal and Necula, George and Paszke, Adam and VanderPlas, Jake and Wanderman-Milne, Skye and others},
  journal={Astrophysics Source Code Library},
  pages={ascl--2111},
  year={2021}
}


@article{jia2004biconic,
  title={Biconic subdivision of surfaces of revolution and its applications in intersection problems},
  author={Jia, Jinyuan and Tang, Kai and Joneja, Ajay},
  journal={The Visual Computer},
  volume={20},
  pages={457--478},
  year={2004},
  publisher={Springer}
}


@article{navarro2009optical,
  title={The optical design of the human eye: a critical review},
  author={Navarro, Rafael},
  journal={Journal of Optometry},
  volume={2},
  number={1},
  pages={3--18},
  year={2009},
  publisher={Elsevier}
}


@incollection{efron1992bootstrap,
  title={Bootstrap methods: another look at the jackknife},
  author={Efron, Bradley},
  booktitle={Breakthroughs in statistics: Methodology and distribution},
  pages={569--593},
  year={1992},
  publisher={Springer}
}

@article{burek1993mathematical,
  title={Mathematical models of the general corneal surface},
  author={Burek, Henry and Douthwaite, WA},
  journal={Ophthalmic and Physiological Optics},
  volume={13},
  number={1},
  pages={68--72},
  year={1993},
  publisher={Wiley Online Library}
}

@article{iskander2001optimal,
  title={Optimal modeling of corneal surfaces with Zernike polynomials},
  author={Iskander, D Robert and Collins, Michael J and Davis, Brett},
  journal={IEEE Transactions on biomedical engineering},
  volume={48},
  number={1},
  pages={87--95},
  year={2001},
  publisher={IEEE}
}

@article{reza2017least,
  title={Least square ellipsoid fitting using iterative orthogonal transformations},
  author={Reza, Amit and Sengupta, Anand S},
  journal={Applied Mathematics and Computation},
  volume={314},
  pages={349--359},
  year={2017},
  publisher={Elsevier}
}

@inproceedings{ying2012direct,
  title={Direct least square fitting of ellipsoids},
  author={Ying, Xianghua and Yang, Li and Kong, Jing and Hou, Yongbo and Guan, Sheng and Zha, Hongbin},
  booktitle={Proceedings of the 21st International Conference on Pattern Recognition (ICPR2012)},
  pages={3228--3231},
  year={2012},
  organization={IEEE}
}

@article{kovac2019fitellipsoid,
  title={FitEllipsoid: a fast supervised ellipsoid segmentation plugin},
  author={Kovac, Bastien and Fehrenbach, J{\'e}r{\^o}me and Guillaume, Ludivine and Weiss, Pierre},
  journal={BMC bioinformatics},
  volume={20},
  number={1},
  pages={1--8},
  year={2019},
  publisher={BioMed Central}
}

@article{mingyang2021robust,
  title={Robust Ellipsoid-specific Fitting via Expectation Maximization},
  author={Mingyang, Zhao and Xiaohong, Jia and Lei, Ma and Xinlin, Qiu and Xin, Jiang and Dong-Ming, Yan},
  journal={arXiv preprint arXiv:2110.13337},
  year={2021}
}

@incollection{kikinis20133d,
  title={3D Slicer: a platform for subject-specific image analysis, visualization, and clinical support},
  author={Kikinis, Ron and Pieper, Steve D and Vosburgh, Kirby G},
  booktitle={Intraoperative imaging and image-guided therapy},
  pages={277--289},
  year={2013},
  publisher={Springer}
}

@article{pinter2019polymorph,
  title={Polymorph segmentation representation for medical image computing},
  author={Pinter, Csaba and Lasso, Andras and Fichtinger, Gabor},
  journal={Computer methods and programs in biomedicine},
  volume={171},
  pages={19--26},
  year={2019},
  publisher={Elsevier}
}

@article{navarro2006optics,
  title={Optics of the average normal cornea from general and canonical representations of its surface topography},
  author={Navarro, Rafael and Gonz{\'a}lez, Luis and Hern{\'a}ndez, Jos{\'e} L},
  journal={JOSA A},
  volume={23},
  number={2},
  pages={219--232},
  year={2006},
  publisher={Optica Publishing Group}
}



@article{niu2022zernike,
  title={Zernike polynomials and their applications},
  author={Niu, Kuo and Tian, Chao},
  journal={Journal of Optics},
  year={2022},
  publisher={IOP Publishing}
}


@article{paszke2019pytorch,
  title={Pytorch: An imperative style, high-performance deep learning library},
  author={Paszke, Adam and Gross, Sam and Massa, Francisco and Lerer, Adam and Bradbury, James and Chanan, Gregory and Killeen, Trevor and Lin, Zeming and Gimelshein, Natalia and Antiga, Luca and others},
  journal={Advances in neural information processing systems},
  volume={32},
  year={2019}
}


@inproceedings{ronneberger2015u,
  title={U-net: Convolutional networks for biomedical image segmentation},
  author={Ronneberger, Olaf and Fischer, Philipp and Brox, Thomas},
  booktitle={Medical Image Computing and Computer-Assisted Intervention--MICCAI 2015: 18th International Conference, Munich, Germany, October 5-9, 2015, Proceedings, Part III 18},
  pages={234--241},
  year={2015},
  organization={Springer}
}


@article{zijdenbos1994morphometric,
  title={Morphometric analysis of white matter lesions in MR images: method and validation},
  author={Zijdenbos, Alex P and Dawant, Benoit M and Margolin, Richard A and Palmer, Andrew C},
  journal={IEEE transactions on medical imaging},
  volume={13},
  number={4},
  pages={716--724},
  year={1994},
  publisher={IEEE}
}


@article{taha2015metrics,
  title={Metrics for evaluating 3D medical image segmentation: analysis, selection, and tool},
  author={Taha, Abdel Aziz and Hanbury, Allan},
  journal={BMC medical imaging},
  volume={15},
  number={1},
  pages={1--28},
  year={2015},
  publisher={BioMed Central}
}


@article{marcus2007open,
  title={Open Access Series of Imaging Studies (OASIS): cross-sectional MRI data in young, middle aged, nondemented, and demented older adults},
  author={Marcus, Daniel S and Wang, Tracy H and Parker, Jamie and Csernansky, John G and Morris, John C and Buckner, Randy L},
  journal={Journal of cognitive neuroscience},
  volume={19},
  number={9},
  pages={1498--1507},
  year={2007},
  publisher={MIT Press One Rogers Street, Cambridge, MA 02142-1209, USA journals-info~â€¦}
}

@article{bisong2019google,
  title={Google colaboratory},
  author={Bisong, Ekaba and Bisong, Ekaba},
  journal={Building machine learning and deep learning models on google cloud platform: a comprehensive guide for beginners},
  pages={59--64},
  year={2019},
  publisher={Springer}
}

@article{li2016first,
  title={The first step for neuroimaging data analysis: DICOM to NIfTI conversion},
  author={Li, Xiangrui and Morgan, Paul S and Ashburner, John and Smith, Jolinda and Rorden, Christopher},
  journal={Journal of neuroscience methods},
  volume={264},
  pages={47--56},
  year={2016},
  publisher={Elsevier}
}

